@STRING( A.I. = "Artificial Intelligence (A.I.)"
)

@STRING( AAAI = "AAAI"
)

@STRING( BMVC = "BMVC"
)

@STRING( CVGIP = "International Conference on Visualization, Graphics and Image Processing (CVGIP)"
)

@STRING( CGIP = "CGIP"
)

@STRING( IEEECOMM = "T-COMM"
)

@STRING( T-VCG = "IEEE Transactions on Visualization and Computer Graphics (T-VCG)"
)

@STRING( ACCV = "ACCV"
)

@STRING( CVIU = "CVIU"
)

@STRING( DAGM = "DAGM"
)

@STRING( CVPR = "IEEE Conference on Computer Vision and Pattern Recognition (CVPR)"
)

@STRING( CVPRW = "IEEE Conference on Computer Vision and Pattern Recognition (CVPR) Workshops"
)

@STRING( SMC-B = "SMC-B"
)

@STRING( PETS = "PETS"
)

@STRING( ECCV = "European Conference on Computer Vision (ECCV)"
)

@STRING( ECCVW = "European Conference on Computer Vision (ECCV) Workshops"
)

@STRING( ICCV = "IEEE International Conference on Computer Vision (ICCV)"
)

@STRING( CirSys = "T-CirSys"
)

@STRING( T-COMP = "T-C"
)

@STRING( ICIP = "IEEE International Conference on Image Processing (ICIP)"
)

@STRING( ICPR = "ICPR"
)

@STRING( NIPS = "Conference on Neural Information Processing Systems (NIPS)"
)

@STRING( JMIV = "Journal of Mathematical Imaging and Vision"
)

@STRING( IJCAI = "International Joint Conference on Artificial Intelligence (IJCAI)"
)

@STRING( IJCV = "International Journal of Computer Vision (IJCV)"
)

@STRING( IJRR = "International Journal of Robotics Research (IJRR)"
)

@STRING( IP = "T-IP"
)

@STRING( IVC = "IVC"
)

@STRING( MVA = "MVA"
)

@STRING( ICML = "ICML"
)

@STRING( PAMI = "IEEE Transactions on Pattern Analysis and Machine Intelligence (PAMI)"
)

@STRING( ICLR = "International Conference on Learning Representations (ICLR)"
)

@STRING( PIEEE = "PIEEE"
)

@STRING( PRL = "Pattern Recognition Letters (PRL)"
)

@STRING( CORES = "CORES"
)

@STRING( JMLR = "JMLR"
)

@STRING( JOSA--A = "Journal of the Optical Society of America A (JOSA-A)"
)

@STRING( SIGGRAPH = "SIGGRAPH"
)

@STRING( GCPR = "German Conference on Pattern Recognition (GCPR)"
)